<record><leader>00000cas a22000007a 4500</leader><controlfield tag="001">11298313</controlfield><controlfield tag="008">841023d18701897inuwr ne      0    0eng d</controlfield><datafield ind1=" " ind2=" " tag="010"><subfield code="a">sn 84027557 </subfield></datafield><datafield ind1=" " ind2=" " tag="040"><subfield code="a">NPU</subfield><subfield code="b">eng</subfield><subfield code="c">NPU</subfield><subfield code="d">NPI</subfield><subfield code="d">OCLCQ</subfield></datafield><datafield ind1=" " ind2=" " tag="042"><subfield code="a">msc</subfield></datafield><datafield ind1="0" ind2="4" tag="245"><subfield code="a">The Richmond independent.</subfield></datafield><datafield ind1=" " ind2=" " tag="260"><subfield code="a">Richmond, Ind. :</subfield><subfield code="b">Fred. Maag,</subfield><subfield code="c">1870-</subfield></datafield><datafield ind1=" " ind2=" " tag="300"><subfield code="a">v. :</subfield><subfield code="b">ill. (chiefly advertisements) ;</subfield><subfield code="c">63 cm.</subfield></datafield><datafield ind1=" " ind2=" " tag="310"><subfield code="a">Weekly</subfield></datafield><datafield ind1="0" ind2=" " tag="362"><subfield code="a">Vol. 5, no. 28 (Nov. 5, 1870)-</subfield></datafield><datafield ind1="1" ind2=" " tag="362"><subfield code="a">Ceased in May 1897.</subfield><subfield code="z">Cf. Miller, John W. Indiana newspaper bibliog.</subfield></datafield><datafield ind1=" " ind2=" " tag="580"><subfield code="a">Merged in May 1897 with: Richmond weekly telegram (1885), and Richmond sun to form: Richmond sun. Telegram.</subfield></datafield><datafield ind1=" " ind2=" " tag="580"><subfield code="a">Published Dec. 1873- also in a daily edition called: Richmond daily independent.</subfield></datafield><datafield ind1=" " ind2=" " tag="752"><subfield code="a">United States</subfield><subfield code="b">Indiana</subfield><subfield code="c">Wayne</subfield><subfield code="d">Richmond.</subfield></datafield><datafield ind1="1" ind2=" " tag="775"><subfield code="t">Richmond daily independent</subfield><subfield code="w">(DLC)sn 83025605</subfield></datafield><datafield ind1="0" ind2="0" tag="780"><subfield code="t">Humming bird (Richmond, Ind.)</subfield><subfield code="w">(DLC)sn 86058214</subfield></datafield><datafield ind1="1" ind2="7" tag="785"><subfield code="t">Richmond weekly telegram (Richmond, Ind. : 1885)</subfield><subfield code="w">(DLC)sn 86058221</subfield></datafield><datafield ind1="1" ind2="7" tag="785"><subfield code="t">Richmond sun</subfield><subfield code="w">(DLC)sn 86058215</subfield></datafield><datafield ind1="1" ind2="7" tag="785"><subfield code="t">Richmond sun. Telegram (Richmond, Ind. : 1897 : Weekly)</subfield><subfield code="w">(DLC)sn 86058225</subfield></datafield></record>